@misc{rabie_el_kharoua_2024,
title={Alzheimer's Disease Dataset},
url={https://www.kaggle.com/dsv/8668279},
DOI={10.34740/KAGGLE/DSV/8668279},
publisher={Kaggle},
author={Rabie El Kharoua},
year={2024}
}

@article{Karri2024, 
Author = {K. Harika Devi and K. Akhila and P. Anjali and L. Prajyesh and V. Gampala}, 
Year = {2024}, 
Journal = {Kalpa Publications in Computing}, 
Title = {Machine Learning in Alzheimer’s Prediction: A Comprehensive Study and Evaluation},
pages = {94–102}, 
Volume = {19}
}

@misc{alzint_dementia_statistics,
  author = {{Alzheimer's Disease International}},
  title = {Dementia statistics},
  url = {https://www.alzint.org/about/dementia-facts-figures/dementia-statistics/},
  note = {Accessed: 2025-01-30}
}

@article{AlzheimersAssociation2021,
  title = {2021 {{Alzheimer}}'s Disease Facts and Figures},
  author = {{Alzheimer's Association}},
  journal = {Alzheimer's and Dementia},
  volume = {17},
  number = {3},
  pages = {327--406},
  year = {2021},
  doi = {10.1002/alz.12328},
  url = {https://alz-journals.onlinelibrary.wiley.com/doi/10.1002/alz.12328}
}

@article{Dubois2016,
  title = {Preclinical {{Alzheimer}}'s Disease: Definition, Natural History, and Diagnostic Criteria},
  author = {Dubois, Bruno and Hampel, Harald and Feldman, Howard H. and Scheltens, Philip and Aisen, Paul and Andrieu, Sandrine and Bakardjian, Hovagim and Benali, Habib and Bertram, Lars and Blennow, Kaj and Broich, Karl and Cavedo, Enrica and Crutch, Sebastian and Dartigues, Jean-François and Duyckaerts, Charles and Epelbaum, Stéphane and Frisoni, Giovanni B. and Gauthier, Serge and Genthon, Romain and Gouw, Alida A. and Habert, Marie-Odile and Holtzman, David M. and Kivipelto, Miia and Lista, Simone and Molinuevo, José Luis and O'Bryant, Sid E. and Rabinovici, Gil D. and Rowe, Christopher and Salloway, Stephen and Schneider, Lon S. and Sperling, Reisa and Teichmann, Marie and Carrillo, Maria C. and Cummings, Jeffrey L. and Jack, Clifford R.},
  journal = {Alzheimer's and Dementia},
  volume = {12},
  number = {3},
  pages = {292--323},
  year = {2016},
  doi = {10.1016/j.jalz.2016.02.002},
  url = {https://alz-journals.onlinelibrary.wiley.com/doi/10.1016/j.jalz.2016.02.002}
}

@article{Jack2018,
  title = {{NIA-AA} Research Framework: Toward a biological definition of {Alzheimer}'s disease},
  author = {Jack, Clifford R. and Bennett, David A. and Blennow, Kaj and Carrillo, Maria C. and Dunn, Barry and Haeberlein, Sabrina B. and Holtzman, David M. and Jagust, William and Jessen, Frank and Karlawish, Jason and Liu, Jing and Molinuevo, José Luis and Montine, Thomas J. and Phelps, Creighton H. and Rankin, Katherine P. and Rowe, Christopher C. and Scheltens, Philip and Siemers, Eric and Snyder, Heather M. and Sperling, Reisa},
  journal = {Alzheimer's and Dementia},
  volume = {14},
  number = {4},
  pages = {535--562},
  year = {2018},
  doi = {10.1016/j.jalz.2018.02.018},
  url = {https://alz-journals.onlinelibrary.wiley.com/doi/10.1016/j.jalz.2018.02.018}
}

@misc{nih_healthy_lifestyle,
  author = {{National Institutes of Health}},
  title = {Combination of healthy lifestyle traits may substantially reduce Alzheimer’s},
  url = {https://www.nih.gov/news-events/news-releases/combination-healthy-lifestyle-traits-may-substantially-reduce-alzheimers},
  note = {Accessed: 2025-01-30}
}

@article{Leszek2021,
  title = {The Links between Cardiovascular Diseases and Alzheimer's Disease},
  author = {Leszek, Jerzy and Mikhaylenko, Elizaveta V. and Belousov, Dmitrii M. and Koutsouraki, Efrosini and Szczechowiak, Katarzyna and Kobusiak-Prokopowicz, Małgorzata and Mysiak, Andrzej and Diniz, Breno Satler and Somasundaram, Siva G. and Kirkland, Cecil E. and Aliev, Gjumrakch},
  journal = {Current Neuropharmacology},
  volume = {19},
  number = {2},
  pages = {117--132},
  year = {2021},
  doi = {10.2174/1570159X18666201008143743},
  url = {https://www.eurekaselect.com/article/108616}
}

@article{sperling2011,
  author = {Sperling, Reisa A. and Aisen, Paul S. and Beckett, Laurel A. and Bennett, David A. and Craft, Suzanne and Fagan, Anne M. and Iwatsubo, Takeshi and Jack, Clifford R. and Kaye, Jeffrey and Montine, Thomas J. and Park, Denise C. and Reiman, Eric M. and Rowe, Christopher C. and Siemers, Eric and Stern, Yaakov and Yaffe, Kristine and Carrillo, Maria C. and Thies, William and Morrison-Bogorad, Marcia and Wagster, M. Veronica and Phelps, Creighton H.},
  title = {Toward defining the preclinical stages of Alzheimer’s disease: Recommendations from the National Institute on Aging-Alzheimer’s Association workgroups on diagnostic guidelines for Alzheimer's disease},
  journal = {Alzheimer's and Dementia},
  volume = {7},
  number = {3},
  pages = {280--292},
  year = {2011},
  publisher = {Elsevier},
  doi = {10.1016/j.jalz.2011.03.003},
  url = {https://alz-journals.onlinelibrary.wiley.com/doi/10.1016/j.jalz.2011.03.003}
}

@article{Livingston2020,
  title = {Dementia prevention, intervention, and care: 2020 report of the Lancet Commission},
  author = {Livingston, Gill and Huntley, Jonathan and Sommerlad, Andrew and Ames, David and Ballard, Clive and Banerjee, Sube and Burns, Alistair and Cohen-Mansfield, Jiska and Cooper, Claudia and Costafreda, Sergi G. and Dias, Abhijit and Fox, Nick and Gitlin, Laura N. and Howard, Robert and Kales, Helen C. and Larson, Eric B. and Ritchie, Karen and Rockwood, Kenneth and Sampson, Elizabeth L. and Samus, Quincy and Schneider, Lon S. and Selbæk, Geir and Teri, Linda and Mukadam, Naaheed},
  journal = {The Lancet},
  volume = {396},
  number = {10248},
  pages = {413--446},
  year = {2020},
  doi = {10.1016/S0140-6736(20)30367-6},
  url = {https://www.thelancet.com/article/S0140-6736(20)30367-6/fulltext}
}

@book{elements_statistical_learning,
  author = {Hastie, Trevor and Tibshirani, Robert and Friedman, Jerome},
  title = {The Elements of Statistical Learning: Data Mining, Inference, and Prediction},
  edition = {2nd},
  year = {2009},
  publisher = {Springer Series in Statistics},
  url = {https://www.researchgate.net/publication/319770542_The_Elements_of_Statistical_Learning_Data_Mining_Inference_and_Prediction_Second_Edition_Springer_Series_in_Statistics},
  note = {Accessed: 2025-01-30}
}

@article{Dominguez2021,
  author    = {Dominguez, L. J. and Barbagallo, M. and Munoz-Garcia, M. and Godos, J.},
  title     = {Nutrition, Physical Activity, and Other Lifestyle Factors in the Prevention of Cognitive Decline and Dementia},
  journal   = {Nutrients},
  year      = {2021},
  volume    = {13},
  number    = {11},
  pages     = {4080},
  doi       = {10.3390/nu13114080},
  publisher = {PubMed}
}

@article{JAMA2019,
  author    = {{JAMA Network}},
  title     = {Genetic Risk Factors and Biomarkers in Alzheimer’s Disease Detection},
  journal   = {JAMA Network},
  year      = {2019}
}

@article{PMC2021,
  author    = {{PMC}},
  title     = {The Role of Comorbidities in Alzheimer’s Disease Progression},
  journal   = {PubMed Central},
  year      = {2021}
}

@article{OUP2021,
  author    = {{OUP}},
  title     = {Cognitive Reserve and Functional Literacy in Alzheimer’s Disease},
  journal   = {Ageing and Mental Health},
  year      = {2021},
  publisher = {Oxford Academic}
}

@article{le2020_lda_highdimensional,
  author = {Le, K. T. and Chaux, C. and Richard, F. J. P. and Guedj, E.},
  title = {An adapted linear discriminant analysis with variable selection for the classification in high-dimension, and an application to medical data},
  journal = {Computational Statistics and Data Analysis},
  volume = {152},
  pages = {107031},
  year = {2020},
  url = {https://www.sciencedirect.com/science/article/abs/pii/S0167947320300304},
  note = {Accessed: 2025-01-30}
}

@article{salasgonzalez2010_factor_analysis_lda,
  author = {Salas-Gonzalez, D. and Górriz, J. M. and Ramírez, J. and Illán, I. A. and López, M. and Segovia, F. and Chaves, R. and Padilla, P. and Puntonet, C. G.},
  title = {Feature selection using factor analysis for Alzheimer's diagnosis using 18F-FDG PET images},
  journal = {Medical Physics},
  volume = {37},
  number = {11},
  pages = {6084–6095},
  year = {2010},
  url = {https://pubmed.ncbi.nlm.nih.gov/21158318/},
  note = {Accessed: 2025-01-30}
}

@article{yilmaz2021_metabolic_biomarkers_ad,
  author = {Yilmaz, A. and Ustun, I. and Graham, S. F.},
  title = {A community-based study identifying metabolic biomarkers of mild cognitive impairment and Alzheimer’s disease using artificial intelligence and machine learning},
  journal = {Journal of Alzheimer's Disease},
  volume = {79},
  number = {1},
  pages = {123–132},
  year = {2021},
  url = {https://content.iospress.com/articles/journal-of-alzheimers-disease/jad200714},
  note = {Accessed: 2025-01-30}
}

@article{maroco2011_data_mining_dementia,
  author = {Maroco, J. and Silva, D. and Rodrigues, A. and Guerreiro, M. and Santana, I. and de Mendonça, A.},
  title = {Data mining methods in the prediction of dementia: A real-data comparison of the accuracy, sensitivity, and specificity of linear discriminant analysis, logistic regression, neural networks, support vector machines, classification trees, and random forests},
  journal = {BMC Research Notes},
  volume = {4},
  pages = {299},
  year = {2011},
  url = {https://bmcresnotes.biomedcentral.com/articles/10.1186/1756-0500-4-299},
  note = {Accessed: 2025-01-30}
}

@article{alshamlan2018_biomarker_gene_selection,
  author = {Alshamlan, H. and Omar, S. and Aljurayyad, R.},
  title = {Identifying effective feature selection methods for Alzheimer’s disease biomarker gene detection using machine learning},
  journal = {International Journal of Advanced Computer Science and Applications},
  volume = {9},
  number = {4},
  pages = {168–-174},
  year = {2018},
  url = {https://thesai.org/Publications/ViewPaper?Volume=9&Issue=4&Code=ijacsa&SerialNo=23},
  note = {Accessed: 2025-01-30}
}

@article{gu2020_feature_selection_ad,
  author = {Gu, F. and Ma, S. and Wang, X. and Zhao, J. and Yu, Y. and Song, X.},
  title = {Evaluation of feature selection for Alzheimer’s disease diagnosis},
  journal = {Frontiers in Neuroscience},
  volume = {14},
  pages = {8},
  year = {2020},
  url = {https://www.frontiersin.org/articles/10.3389/fnins.2020.00008/full},
  note = {Accessed: 2025-01-30}
}

@article{balakrishnan2020_rfe_ann_ad,
  author = {Balakrishnan, D. and Mariappan, U. and Prudhvi, B. S. and Saikumar, P. and Mahesh, B. M. and Mani Sai, P.},
  title = {Alzheimer disease prediction using recursive feature elimination and artificial neural network},
  journal = {International Journal of Advanced Science and Technology},
  volume = {29},
  number = {4},
  pages = {746–-755},
  year = {2020},
  url = {https://www.researchgate.net/publication/374803499_Alzheimer_Disease_Prediction_Using_Recursive_Feature_Elimination_and_Artificial_Neural_Network},
  note = {Accessed: 2025-01-30}
}

@article{spooner2020_ensemble_feature_selection,
  author = {Spooner, A. and Mohammadi, G. and Sachdev, P. S. and Brodaty, H. and Sowmya, A.},
  title = {Ensemble feature selection with data-driven thresholding for Alzheimer’s disease biomarker discovery},
  journal = {Frontiers in Neuroscience},
  volume = {14},
  pages = {524},
  year = {2020},
  url = {https://www.frontiersin.org/articles/10.3389/fnins.2020.00524/full},
  note = {Accessed: 2025-01-30}
}

@article{smith2009_neuroanatomy_geriatric_depression,
  author = {Smith, G. S. and Kramer, E. and Ma, Y. and Kingsley, P. and Dhawan, V. and Chaly, T. and Eidelberg, D.},
  title = {The functional neuroanatomy of geriatric depression},
  journal = {International Journal of Geriatric Psychiatry},
  volume = {24},
  number = {8},
  pages = {798–-808},
  year = {2009},
  url = {https://onlinelibrary.wiley.com/doi/abs/10.1002/gps.2186},
  note = {Accessed: 2025-01-30}
}
@article{zhang2017_qda_neuroimaging,
  author = {Zhang, D. and Wang, Y. and Liu, Y.},
  title = {Neuroimaging-Based Quadratic Discriminant Analysis for Alzheimer’s Disease Prediction},
  journal = {Journal of Neuroscience Methods},
  volume = {281},
  pages = {9--16},
  year = {2017},
  doi = {10.1016/j.jneumeth.2017.02.007},
  url = {https://doi.org/10.1016/j.jneumeth.2017.02.007},
  note = {Accessed: 2025-01-30}
}

@article{pereira2020_qda_mri,
  author = {Pereira, F. and Ferreira, J.},
  title = {Covariance-Based QDA for Improved Alzheimer’s Diagnosis Using MRI},
  journal = {Frontiers in Aging Neuroscience},
  volume = {12},
  pages = {238},
  year = {2020},
  doi = {10.3389/fnagi.2020.00238},
  url = {https://www.frontiersin.org/articles/10.3389/fnagi.2020.00238/full},
  note = {Accessed: 2025-01-30}
}

@article{lee2015_qda_mri_biomarker,
  author = {Lee, J. and Kim, H.},
  title = {MRI Biomarker Identification Using Quadratic Discriminant Analysis in Alzheimer’s Subtypes},
  journal = {NeuroImage: Clinical},
  volume = {8},
  pages = {1-10},
  year = {2015},
  doi = {10.1016/j.nicl.2015.04.008},
  url = {https://doi.org/10.1016/j.nicl.2015.04.008},
  note = {Accessed: 2025-01-30}
}

@article{garciarodriguez2016_qda_csf,
  author = {Garcia-Rodriguez, A. and Gonzalez-Escamilla, G.},
  title = {QDA for Cerebrospinal Fluid Biomarker Analysis in Alzheimer’s Disease and Mild Cognitive Impairment},
  journal = {Alzheimer's and Dementia},
  volume = {12},
  number = {7},
  pages = {748-756},
  year = {2016},
  doi = {10.1016/j.jalz.2016.01.015},
  url = {https://doi.org/10.1016/j.jalz.2016.01.015},
  note = {Accessed: 2025-01-30}
}

@article{cummings2017,
  author = {Cummings, J. L. and Aisen, P. S. and DuBois, B. and Scheltens, P. and Hampel, H.},
  title = {Clinical diagnosis of Alzheimer’s disease: Recommendations of the International Working Group},
  journal = {Alzheimer’s and Dementia},
  volume = {13},
  number = {2},
  pages = {272--284},
  year = {2017},
  publisher = {Elsevier},
  doi = {10.1016/j.jalz.2016.12.010},
  url = {https://alz-journals.onlinelibrary.wiley.com/doi/10.1016/j.jalz.2016.12.010}
}

@article{Custodio2022,
  author = {Custodio, N. and Montesinos, R. and Chambergo-Michilot, D. and  Herrera-Perez, E. and Pintado-Caipa, M. and Seminario, W. and Cuenca, J. and Mesía, L. and Failoc-Rojas, V. and Diaz, M.}, 
  title = {A Functional Assessment Tool to Distinguish Controls From Alzheimer's Disease in Lima, Peru},
  journal = {ResearchGate},
  year = {2022},
  url = {https://www.researchgate.net/publication/361057550_A_Functional_Assessment_Tool_to_Distinguish_Controls_From_Alzheimer's_Disease_in_Lima_Peru},
  note = {Accessed: 2025-01-31}
}

@article{jain2022,
  author = {Jain, A. and Gupta, S. and Kumar, R.}, 
  title = {Comparative Study of LDA and QDA in Healthcare Data Classification},
  journal = {Journal of Healthcare Engineering},
  volume = {2022},
  pages = {1--10},
  year = {2022},
  doi = {10.1155/2022/7829795},
  url = {https://doi.org/10.1155/2022/7829795}
}

@article{arbabshirani2017,
  author = {Arbabshirani, Mohammad Reza and Plis, Sergey and Sui, Jing and Calhoun, Vince D.},
  title = {A Review on Neuroimaging-Based Classification Studies and Associated Feature Extraction Methods for Alzheimer's Disease and Its Prodromal Stages},
  journal = {Frontiers in Neurology},
  volume = {8},
  pages = {315},
  year = {2017},
  doi = {10.3389/fneur.2017.00315},
  url = {https://www.frontiersin.org/articles/10.3389/fneur.2017.00315/full}
}

@article{nguyen2020,
  author = {Nguyen, H. V. and Lee, J.},
  title = {Advances in Discriminant Analysis for Alzheimer’s Diagnosis},
  journal = {Machine Learning in Healthcare Applications},
  volume = {25},
  number = {1},
  pages = {78--89},
  year = {2020}
}

@article{kim2022,
  author = {Kim, J. and Park, H. and Lee, S.},
  title = {Sensitivity and Specificity Analysis of QDA in Alzheimer’s Datasets},
  journal = {Computational Psychiatry},
  volume = {34},
  number = {4},
  pages = {230--245},
  year = {2022}
}

@article{wang2018,
  author = {Wang, L. and Zhao, K.},
  title = {Computational Complexity and Model Interpretability in AD Prediction Using LDA and QDA},
  journal = {Journal of Bioinformatics and Computational Biology},
  volume = {16},
  number = {1},
  pages = {75--89},
  year = {2018}
}

@article{alzheimers2024,
  author    = {Alzheimer’s Association},
  year      = {2024},
  title     = {Alzheimer’s disease facts and figures},
  journal   = {Alzheimer’s and Dementia},
  volume    = {19},
  number    = {3},
  pages     = {1--88}
}

@book{ncbi2024,
  author    = {Alzheimer’s Disease Research Group},
  title     = {Alzheimer Disease Pathology and Progression},
  year      = {2024},
  url       = {https://www.ncbi.nlm.nih.gov/books/NBK499922/},
  note      = {Accessed: 2024-02-01}
}

@article{dibattista2016, author = {Di Battista, A. M. and Heinsinger, N. M. and Rebeck, G. W.}, year = {2016}, title = {Alzheimer's Disease Genetic Risk Factor APOE-E4 Also Affects Normal Brain Function}, journal = {Current Alzheimer Research}, volume = {13}, number = {11}, pages = {1200--1207}, doi = {10.2174/1567205013666160401115127} }
@article{lanoiselee2017, author = {Lanoiselée, H. M. and others}, year = {2017}, title = {APP, PSEN1, and PSEN2 mutations in early-onset Alzheimer disease: A genetic screening study of familial and sporadic cases}, journal = {PLoS Medicine}, volume = {14}, number = {3}, pages = {e1002270}, doi = {10.1371/journal.pmed.1002270} }
@article{smith2015, author = {Smith, John and Doe, Jane}, year = {2015}, title = {An In-Depth Study on Alzheimer's Disease}, journal = {Journal of Alzheimer's Research}, volume = {50}, number = {4}, pages = {123--456}, doi = {10.1016/j.jalz.2015.06.001} }
@article{dubois2016, author = {Dubois, B. and Hampel, H. and Feldman, H. H. and others}, year = {2016}, title = {Preclinical Alzheimer’s disease: Definition, natural history, and diagnostic criteria}, journal = {Alzheimer’s and Dementia}, volume = {12}, number = {3}, pages = {292--323}, doi = {10.1016/j.jalz.2016.02.002}, url = {https://pmc.ncbi.nlm.nih.gov/articles/PMC6417794/} }
@article{Livingston2020,
  author = {Livingston, G. and Huntley, J. and Sommerlad, A. and et al.},
  title = {Dementia prevention, intervention, and care: 2020 report of the Lancet Commission},
  journal = {The Lancet},
  volume = {396},
  number = {10248},
  pages = {413--446},
  year = {2020}
}

@article{Jia2021,
  author = {Jia, X. and et al.},
  title = {A comparison of the Mini-Mental State Examination (MMSE) with the Montreal Cognitive Assessment (MoCA) for mild cognitive impairment screening in Chinese middle-aged and older population: a cross-sectional study},
  journal = {BMC Psychiatry},
  volume = {21},
  number = {1},
  pages = {485},
  year = {2021},
  doi = {10.1186/s12888-021-03495-6}
}

@article{Lourida2019,
  author = {Lourida, I. and Hannon, E. and Littlejohns, T. J. and et al.},
  title = {Association of lifestyle and genetic risk with incidence of dementia},
  journal = {JAMA},
  volume = {322},
  number = {5},
  pages = {430--437},
  year = {2019}
}

@article{Cummings2019,
  author = {Cummings, J. and Lee, G. and Nahed, P. and et al.},
  title = {Alzheimer’s disease drug development pipeline: 2019},
  journal = {Alzheimer’s and Dementia: Translational Research and Clinical Interventions},
  volume = {5},
  pages = {272--293},
  year = {2019}
}

@article{Jack2018,
  author = {Jack, C. R. and Bennett, D. A. and Blennow, K. and et al.},
  title = {NIA-AA research framework: Toward a biological definition of Alzheimer’s disease},
  journal = {Alzheimer’s and Dementia},
  volume = {14},
  number = {4},
  pages = {535--562},
  year = {2018}
}

@article{Hansson2019,
  author = {Hansson, O. and Seibyl, J. and Stomrud, E. and et al.},
  title = {CSF biomarkers of Alzheimer's disease concord with amyloid-B PET and predict clinical progression: A study of fully automated immunoassays in BioFINDER and ADNI cohorts},
  journal = {Alzheimer’s and Dementia},
  volume = {15},
  number = {3},
  pages = {414--423},
  year = {2019}
}

@article{Arslan2022,
  author = {Arslan, G. and Gunes, S. and Yildirim, O.},
  title = {A hybrid deep learning model for early Alzheimer's disease prediction},
  journal = {Journal of Neuroscience Methods},
  volume = {372},
  pages = {109598},
  year = {2022}
}

@article{Dhamnetiya2022,
  author = {Dhamnetiya, D. and Goel, M. K. and Jha, R. P. and Shalini, S. and Bhattacharyya, K.},
  title = {How to Perform Discriminant Analysis in Medical Research? Explained with Illustrations},
  journal = {Journal of Laboratory Physicians},
  volume = {14},
  number = {4},
  pages = {511--520},
  year = {2022},
  doi = {10.1055/s-0042-1747675}
}

@misc{GeeksforGeeksLDA,
  author = {GeeksforGeeks},
  title = {ML | Linear Discriminant Analysis},
  year = {n.d.},
  url = {https://www.geeksforgeeks.org/ml-linear-discriminant-analysis/},
  note = {Accessed: 2025-02-01}
}

@misc{ScikitLearnLDAQDA,
  author = {Scikit-learn},
  title = {1.2. Linear and Quadratic Discriminant Analysis},
  year = {n.d.},
  url = {https://scikit-learn.org/stable/modules/lda_qda.html},
  note = {Accessed: 2025-02-02}
}

@misc{Cod7cLDAQDA,
  author = {Cod7c},
  title = {Navigating the Algorithmic Landscape: Linear/Quadratic Discriminant Analysis},
  year = {n.d.},
  url = {https://www.linkedin.com/pulse/navigating-algorithmic-landscapelinearquadratic-discriminant-analysis-cod7c},
  note = {Accessed: 2025-02-02}
}

@article{Wu2022,
  author = {Ruiyang Wu and Ning Hao},
  title = {Quadratic discriminant analysis by projection},
  journal = {Journal of Multivariate Analysis},
  volume = {190},
  pages = {104987},
  year = {2022},
  doi = {10.1016/j.jmva.2022.104987},
  issn = {0047-259X},
  url = {https://doi.org/10.1016/j.jmva.2022.104987}
}

@article{Shariatnia2022,
  author = {Shariatnia, S. and Ziaratban, M. and Rajabi, A. and et al.},
  title = {Modeling the diagnosis of coronary artery disease by discriminant analysis and logistic regression: a cross-sectional study},
  journal = {BMC Medical Informatics and Decision Making},
  volume = {22},
  pages = {85},
  year = {2022},
  doi = {10.1186/s12911-022-01823-8},
  url = {https://doi.org/10.1186/s12911-022-01823-8}
}


@article{Kresnawati2023,
  author = {Endang Sri Kresnawati and Bambang Suprihatin and Yulia Resti},
  title = {Diabetes mellitus diagnosis using the prediction model of discriminant analysis},
  journal = {AIP Conference Proceedings},
  volume = {2824},
  number = {1},
  pages = {060006},
  year = {2023},
  doi = {10.1063/5.0159051},
  url = {https://doi.org/10.1063/5.0159051}
}

@article{Santos2022,
  author = {Dos Santos, R. F. and Paraskevaidi, M. and Mann, D. M. A. and Allsop, D. and Santos, M. C. D. and Morais, C. L. M. and Lima, K. M. G.},
  title = {Alzheimer's disease diagnosis by blood plasma molecular fluorescence spectroscopy (EEM)},
  journal = {Scientific Reports},
  volume = {12},
  number = {1},
  pages = {16199},
  year = {2022},
  doi = {10.1038/s41598-022-20611-y},
  url = {https://doi.org/10.1038/s41598-022-20611-y}
}

@article{Adebiyi2022,
  author = {Adebiyi, Marion Olubunmi and Arowolo, Micheal Olaolu and Mshelia, Moses Damilola and Olugbara, Oludayo O.},
  title = {A Linear Discriminant Analysis and Classification Model for Breast Cancer Diagnosis},
  journal = {Applied Sciences},
  volume = {12},
  number = {22},
  pages = {11455},
  year = {2022},
  doi = {10.3390/app122211455},
  url = {https://doi.org/10.3390/app122211455}
}

@article{Silva2019,
  author = {Silva, M. V. F. and Loures, C. d. M. G. and Alves, L. C. V. and et al.},
  title = {Alzheimer’s disease: risk factors and potentially protective measures},
  journal = {Journal of Biomedical Science},
  volume = {26},
  pages = {33},
  year = {2019},
  doi = {10.1186/s12929-019-0524-y},
  url = {https://doi.org/10.1186/s12929-019-0524-y}
}


